@misc{bouncerfail,
title = {Dissecting the Android Bouncer},
author = {John Oberheide},
year = {2012},
howpublished = {\url{https://jon.oberheide.org/blog/2012/06/21/dissecting-the-android-bouncer/}}
}
	
}
@misc{kaspersky,
	title = {Mobile Report},
	author = {Kaspersky Lab},
	howpublished = {\url{https://securelist.com/files/2017/02/Mobile_report_2016.pdf}},
	year = {2016}
}
@misc{mcafee,
	title = {Mobile Threat Report},
	author = {McAfee},
	howpublished = {\url{https://www.mcafee.com/us/resources/reports/rp-mobile-threat-report-2017.pdf}},
	year = {2017}
}
@misc{nokia,
	title = {Threat Intelligence Report},
	author = {Nokia},
	howpublished = {\url{https://pages.nokia.com/8859.Threat.Intelligence.Report.html}},
	year = {2017}
}
@misc{idcshare,
	title = {Smartphone Market Share},
	author = {IDC},
	howpublished = {\url{http://www.idc.com/promo/smartphone-market-share/os}},
	year = {2017}
}
@misc{monkeytroop,
	title = {Monkey Tropp},
	author = {CISPA},
	howpublished = {\url{https://github.com/Project-ARTist/monkey-troop}},
	year = {2017}
}

@article{lcgbreak,
	author = "Hugo Krawczyk",
	title = "How to predict congruential generators",
	journal = "Journal of Algorithms Volume 13, Issue 4",
	year = "1992"
}

@misc{bbc,
	title = {NSA altered random-number generator},
	author = {BBC},
	howpublished = {\url{http://www.bbc.com/news/technology-24048343}},
	year = {2013}
}

@article{chex,
	author = "Long Lu Georgia Zhichun Li Zhenyu Wu Wenke Lee Guofei Jiang",
	title = "CHEX: statically vetting Android apps for component hijacking vulnerabilities",
	journal = "CCS '12 Proceedings of the 2012 ACM conference on Computer and communications security",
	year = "2012"
}

@misc{secrandom,
	title = {Randomness Recommendations for Security},
	author = {IETF},
	howpublished = {\url{http://www.ietf.org/rfc/rfc1750.txt}},
	year = {1994}
}
@misc{urandom,
	title = {Myths about /dev/urandom},
	author = {Thomas H\"uhn},
	howpublished = {\url{https://www.2uo.de/myths-about-urandom/}},
	year = {2016}
}

@article{apposcopy,
	author = "Yu Feng Saswat Anand Isil Dillig Alex Aiken",
	title = "Apposcopy: semantics-based detection of Android malware through static analysis",
	journal = "FSE 2014 Proceedings of the 22nd ACM SIGSOFT International Symposium on Foundations of Software Engineering",
	year = "2014"
}

@inproceedings{dare,
 author = {Octeau, Damien and Jha, Somesh and McDaniel, Patrick},
 title = {Retargeting Android Applications to Java Bytecode},
 booktitle = {Proceedings of the ACM SIGSOFT 20th International Symposium on the Foundations of Software Engineering},
 series = {FSE '12},
 year = {2012},
 isbn = {978-1-4503-1614-9},
 location = {Cary, North Carolina},
 pages = {6:1--6:11},
 articleno = {6},
 numpages = {11},
 url = {http://doi.acm.org/10.1145/2393596.2393600},
 doi = {10.1145/2393596.2393600},
 acmid = {2393600},
 publisher = {ACM},
 address = {New York, NY, USA},
 keywords = {Android, Dalvik bytecode, Dalvik retargeting},
}

@misc{golddream,
	author = {X. Jiang},
	title = {Security alert: New Android malware – GoldDream – found in alternative app markets.},
	howpublished = {\url{http: //www.csc.ncsu.edu/faculty/jiang/GoldDream/}},
	year = {2011}
}

@article{flowdroid,
 author = {Arzt, Steven and Rasthofer, Siegfried and Fritz, Christian and Bodden, Eric and Bartel, Alexandre and Klein, Jacques and Le Traon, Yves and Octeau, Damien and McDaniel, Patrick},
 title = {FlowDroid: Precise Context, Flow, Field, Object-sensitive and Lifecycle-aware Taint Analysis for Android Apps},
 journal = {SIGPLAN Not.},
 issue_date = {June 2014},
 volume = {49},
 number = {6},
 month = jun,
 year = {2014},
 issn = {0362-1340},
 pages = {259--269},
 numpages = {11},
 url = {http://doi.acm.org/10.1145/2666356.2594299},
 doi = {10.1145/2666356.2594299},
 acmid = {2594299},
 publisher = {ACM},
 address = {New York, NY, USA},
} 

@inproceedings{amandroid,
 author = {Wei, Fengguo and Roy, Sankardas and Ou, Xinming and Robby},
 title = {Amandroid: A Precise and General Inter-component Data Flow Analysis Framework for Security Vetting of Android Apps},
 booktitle = {Proceedings of the 2014 ACM SIGSAC Conference on Computer and Communications Security},
 series = {CCS '14},
 year = {2014},
 isbn = {978-1-4503-2957-6},
 location = {Scottsdale, Arizona, USA},
 pages = {1329--1341},
 numpages = {13},
 url = {http://doi.acm.org/10.1145/2660267.2660357},
 doi = {10.1145/2660267.2660357},
 acmid = {2660357},
 publisher = {ACM},
 address = {New York, NY, USA},
 keywords = {android application, icc (inter-component communication), information leakage, malware, points-to analysis, security vetting, vulnerable app},
} 

@inproceedings{iccta,
 author = {Li, Li and Bartel, Alexandre and Bissyand{\'e}, Tegawend{\'e} F. and Klein, Jacques and Le Traon, Yves and Arzt, Steven and Rasthofer, Siegfried and Bodden, Eric and Octeau, Damien and McDaniel, Patrick},
 title = {IccTA: Detecting Inter-component Privacy Leaks in Android Apps},
 booktitle = {Proceedings of the 37th International Conference on Software Engineering - Volume 1},
 series = {ICSE '15},
 year = {2015},
 isbn = {978-1-4799-1934-5},
 location = {Florence, Italy},
 pages = {280--291},
 numpages = {12},
 url = {http://dl.acm.org/citation.cfm?id=2818754.2818791},
 acmid = {2818791},
 publisher = {IEEE Press},
 address = {Piscataway, NJ, USA},
} 

@MISC{sifta,
    author = {Er Von Rhein and Thorsten Berger and Niklas Schalck Johansson and Mikael Mark Hardø and Sven Apel and Alexander Von Rhein and Thorsten Berger and Niklas Schalck and Mikael Mark Hardø and Sven Apel},
    title = {Lifting Inter-App Data-Flow Analysis to Large App Sets},
    year = {2015}
}

@article{droidalarm,
	author = "Yibing Zhongyang Zhi Xin Bing Mao Li Xie",
	title = "DroidAlarm: an all-sided static analysis tool for Android privilege-escalation malware",
	journal = "ASIA CCS '13 Proceedings of the 8th ACM SIGSAC symposium on Information, computer and communications security",
	year = "2013"
}

@article{appsplayground,
	author = "Vaibhav Rastogi Yan Chen William Enck",
	title = "AppsPlayground: Automatic Security Analysis of Smartphone Applications",
	journal = "CODASPY '13 Proceedings of the third ACM conference on Data and application security and privacy",
	year = "2013"
}

@article{aspectdroid,
	author = "Aisha Ali-Gombe Irfan Ahmed Golden G. Richard Vassil Roussev",
	title = "AspectDroid: Android App Analysis System",
	journal = "CODASPY '16 Proceedings of the Sixth ACM Conference on Data and Application Security and Privacy",
	year = "2016"
}

@article{patchdroid,
	author = "Collin Mulliner Jon Oberheide William Robertson Engin Kirda",
	title = "PatchDroid: scalable third-party security patches for Android devices",
	journal = "ACSAC '13: Proceedings of the 29th Annual Computer Security Applications Conference",
	year = "2013"
}

@inproceedings{artist,
  title={{ARTist: The Android Runtime Instrumentation and Security Toolkit}},
  author={Backes, Michael and Bugiel, Sven and Schranz, Oliver and von Styp-Rekowsky, Philipp and Weisgerber, Sebastian},
  booktitle={European Symposium on Security and Privacy (EuroS\&P)},
  year={2017},
  organization={IEEE}
}

@inproceedings{dbrelational,
  title={{A Relational Model of Data for Large Shared Data Banks}},
  author={Edgar Frank "Ted" Codd},
  booktitle={Communications of the ACM. Association for Computing Machinery},
  year={1970},
  organization={ACM}
}

@misc{and_doc_stack,
	title={{Platform Architecture}},
	howpublished = "https://developer.android.com/guide/platform/index.html"
}

@inproceedings{droidtrace,
title = {DroidTrace: A ptrace based Android dynamic analysis system with forward execution capability},
author = {Min Zheng Mingshen Sun John C.S. Lui},
booktitle = "Wireless Communications and Mobile Computing Conference (IWCMC)",
year = {2014},
organization={IEEE}
}

@misc{slicing,
title = {The semantics of program slicing},
author = {Thomas Reps and Wuu Yang},
year = {1988},
}

@misc{dobbertin,
title = {Cryptoanalysis of MD5 compress},
author = {Hans Dobbertin},
organization = {German Information Security Agency},
howpublished = "ftp://ftp.iks-jena.de/mitarb/lutz/crypt/hash/dobbertin.ps",
year = {1996}
}

@misc{stevens,
title = {Single-block collision attack on MD5},
author = {Marc Stevens},
howpublished = "http://marc-stevens.nl/research/md5-1block-collision/",
year = {2012}
}

@misc{sha1b1,
    author = {Vincent Rijmen and Elisabeth Oswald},
    title = {Update on SHA-1},
    howpublished = {Cryptology ePrint Archive, Report 2005/010},
    year = {2005},
    note = {\url{http://eprint.iacr.org/2005/010}},
}
@misc{sha1b2,
    author = {Marc Stevens},
    title = {Cryptanalysis of MD5 and SHA1},
    howpublished = {http://2012.sharcs.org/slides/stevens.pdf},
    year = {2012},
}

@misc{sha1b3,
	author = "Google",
	title = "Announcing the first SHA-1 collision",
	year = "2017",
	howpublished = "https://security.googleblog.com/2017/02/announcing-first-sha1-collision.html?m=1"
}

@INPROCEEDINGS{svm-hunter,
    author = {David Sounthiraraj and Justin Sahs and Garret Greenwood and Zhiqiang Lin and Latifur Khan},
    title = {Smv-hunter: Large scale, automated detection of ssl/tls man-in-the-middle vulnerabilities in android apps},
    booktitle = {In Proceedings of the 21st Annual Network and Distributed System Security Symposium (NDSS’14},
    year = {2014}
}

@article{taintdroid,
 author = {Enck, William and Gilbert, Peter and Han, Seungyeop and Tendulkar, Vasant and Chun, Byung-Gon and Cox, Landon P. and Jung, Jaeyeon and McDaniel, Patrick and Sheth, Anmol N.},
 title = {TaintDroid: An Information-Flow Tracking System for Realtime Privacy Monitoring on Smartphones},
 journal = {ACM Trans. Comput. Syst.},
 issue_date = {June 2014},
 volume = {32},
 number = {2},
 month = jun,
 year = {2014},
 issn = {0734-2071},
 pages = {5:1--5:29},
 articleno = {5},
 numpages = {29},
 url = {http://doi.acm.org/10.1145/2619091},
 doi = {10.1145/2619091},
 acmid = {2619091},
 publisher = {ACM},
 address = {New York, NY, USA},
 keywords = {Information-flow tracking, mobile apps, privacy monitoring, smartphones},
}

@inproceedings{antitaintdroid,
  author = {Sarwar, Golam and Mehani, Olivier and Boreli, Roksana and Kaafar, Dali},
  month = {jul},
  year = {2013},
  booktitle = {{SECRYPT} 2013, 10th International Conference on Security and Cryptography},
  meta_data = {{SECRYPT} 2013, 10th International Conference on Security and Cryptography.},
  address = "Reykjávik, Iceland",
  publisher = {{SciTePress}},
  pages = {461--467},
  title = {On the Effectiveness of Dynamic Taint Analysis for Protecting Against Private Information Leaks on Android-based Devices}
}

@misc{llvmpass,
title = {Writing an LLVM Pass},
howpublished = {\url{http://llvm.org/docs/WritingAnLLVMPass.html}},
}

@article{epicc,
  title={Effective inter-component communication mapping in android with epicc: An essential step towards holistic security analysis},
  author={Octeau, Damien and McDaniel, Patrick and Jha, Somesh and Bartel, Alexandre and Bodden, Eric and Klein, Jacques and Le Traon, Yves},
  journal={Effective Inter-Component Communication Mapping in Android with Epicc: An Essential Step Towards Holistic Security Analysis},
  year={2013}
}

@misc{bitcoinalert,
title = {Android Security Vulnerability},
howpublished = {\url{https://bitcoin.org/en/alert/2013-08-11-android}},
year={2013}
}

@misc{randomalert,
title = {Some SecureRandom Thoughts},
howpublished = {\url{https://android-developers.googleblog.com/2013/08/some-securerandom-thoughts.html}},
year={2013}
}

@inproceedings {boxify,
author = {Michael Backes and Sven Bugiel and Christian Hammer and Oliver Schranz and Philipp von Styp-Rekowsky},
title = {Boxify: Full-fledged App Sandboxing for Stock Android},
booktitle = {24th USENIX Security Symposium (USENIX Security 15)},
year = {2015},
isbn = {978-1-931971-232},
address = {Washington, D.C.},
pages = {691--706},
url = {https://www.usenix.org/conference/usenixsecurity15/technical-sessions/presentation/backes},
publisher = {USENIX Association},
}

@misc{muchroot,
title = {[Weekend Poll] Is Your Primary Android Device Rooted?},
author = {David Ruddock},
year = {2014},
howpublished = {\url{http://www.androidpolice.com/2014/11/23/weekend-poll-is-your-primary-android-device-rooted-2/}}
}

@misc{anddash,
title = {Dashboard},
author = {Google},
year = {2017},
howpublished = {\url{https://developer.android.com/about/dashboards/index.html}}
}

@phdthesis{irm,
 author = {Erlingsson, \'{U}lfar},
 advisor = {Schneider, Fred B.},
 title = {The Inlined Reference Monitor Approach to Security Policy Enforcement},
 year = {2004},
 note = {AAI3114521},
 publisher = {Cornell University},
 address = {Ithaca, NY, USA},
} 

@misc{codemotion,
author = {Simone Onofri},
title = {Hackers vs Developers: vulnerabilità e soluzioni nello sviluppo di applicazioni Mobile},
year = {2014},
howpublished = {\url{https://www.slideshare.net/Codemotion/codemotion-2014-romasimoneonofrihvdmobile}},
}